%---------- Vorlage Online ----------
%@misc{ZAP,
%  author = {},
%  title = {},
%  howpublished = "\url{}",
%  year = {},
%  note = "[letzter Zugriff: 14-Dezember-2021]",
%}

%---------- Vorlage Buch ----------
%@book{key.year,
%    title = {},
%    subtitle = {},
%    author = {},
%    address = {},
%    publisher = {},
%    year = {},
%    edition = {},
%    isbn = {},
%}

%---------- Vorlage Artikel ----------
%@article{key.year,
%    title={},
%    subtitle={},
%    author={},
%    journal={},
%    year={},
%    pages={}
%}

@misc{Beaufays.2015,
  author = {Fran√ßoise Beaufays},
  title = {The neural networks behind Google Voice transcription},
  howpublished = "\url{https://ai.googleblog.com/2015/08/the-neural-networks-behind-google-voice.html}",
  year = {2015},
  month = {08},
  note = "[letzter Zugriff: 15-September-2022]",
}


@misc{Statista.Umsatz,
  author = {Tractica},
  title = {Prognose zum Umsatz im Bereich Spracherkennung weltweit von 2015 bis 2024},
  howpublished = "\url{https://de.statista.com/statistik/daten/studie/621155/umfrage/prognose-zum-umsatz-im-bereich-spracherkennung-weltweit/}",
  year = {2015},
  month = {06},
  note = "[letzter Zugriff: 08-September-2022] zitiert nach de.statista.com",
}
