%---------- Vorlage Online ----------
%@misc{ZAP,
%  author = {},
%  title = {},
%  howpublished = "\url{}",
%  year = {},
%  note = "[letzter Zugriff: 14-Dezember-2021]",
%}

%---------- Vorlage Buch ----------
%@book{key.year,
%    title = {},
%    subtitle = {},
%    author = {},
%    address = {},
%    publisher = {},
%    year = {},
%    edition = {},
%    isbn = {},
%}

%---------- Vorlage Artikel ----------
%@article{key.year,
%    title={},
%    subtitle={},
%    author={},
%    journal={},
%    year={},
%    pages={}
%}

@book{test,
	series = {Artech {House} {Information} {Security} and {Privacy} {Series}},
	title = {Fuzzing for {Software} {Security} {Testing} and {Quality} {Assurance}},
	volume = {Second edition},
	isbn = {978-1-60807-850-9},
	url = {http://www.redi-bw.de/db/ebsco.php/search.ebscohost.com/login.aspx%3fdirect%3dtrue%26db%3dnlebk%26AN%3d1825934%26site%3dehost-live},
	abstract = {This newly revised and expanded second edition of the popular Artech House title, Fuzzing for Software Security Testing and Quality Assurance, provides practical and professional guidance on how and why to integrate fuzzing into the software development lifecycle. This edition introduces fuzzing as a process, goes through commercial tools, and explains what the customer requirements are for fuzzing. The advancement of evolutionary fuzzing tools, including American Fuzzy Lop (AFL) and the emerging full fuzz test automation systems are explored in this edition. Traditional software programmers and testers will learn how to make fuzzing a standard practice that integrates seamlessly with all development activities. It surveys all popular commercial fuzzing tools and explains how to select the right one for software development projects. This book is a powerful new tool to build secure, high-quality software taking a weapon from the malicious hacker's arsenal. This practical resource help},
	publisher = {Artech House},
	author = {Takanen, Ari and DeMott, Jared and Miller, Charles and Kettunen, Atte},
	year = {2018},
	keywords = {Done},
}

@misc{openai_chatgpt_2024,
	title = {{ChatGPT}},
	url = {https://chatgpt.com/},
	abstract = {A conversational AI system that listens, learns, and challenges},
	urldate = {2024-07-30},
	publisher = {OpenAI},
	author = {{OpenAI}},
	year = {2024},
}